@inproceedings{Wadler:1989:MAP:75277.75283,
 author = {Wadler, P. and Blott, S.},
 title = {How to Make Ad-hoc Polymorphism Less Ad Hoc},
 booktitle = {Proceedings of the 16th ACM SIGPLAN-SIGACT Symposium on Principles of Programming Languages},
 series = {POPL '89},
 year = {1989},
 isbn = {0-89791-294-2},
 location = {Austin, Texas, USA},
 pages = {60--76},
 numpages = {17},
 url = {http://doi.acm.org/10.1145/75277.75283},
 doi = {10.1145/75277.75283},
 acmid = {75283},
 publisher = {ACM},
 address = {New York, NY, USA},
}

@article{Karachalias:2017:EFD:3156695.3122966,
 author = {Karachalias, Georgios and Schrijvers, Tom},
 title = {Elaboration on Functional Dependencies: Functional Dependencies Are Dead, Long Live Functional Dependencies!},
 journal = {SIGPLAN Not.},
 issue_date = {October 2017},
 volume = {52},
 number = {10},
 month = sep,
 year = {2017},
 issn = {0362-1340},
 pages = {133--147},
 numpages = {15},
 url = {http://doi.acm.org/10.1145/3156695.3122966},
 doi = {10.1145/3156695.3122966},
 acmid = {3122966},
 publisher = {ACM},
 address = {New York, NY, USA},
 keywords = {Haskell, System FC, functional dependencies},
}

@inproceedings{Karachalias:2017:EFD:3122955.3122966,
 author = {Karachalias, Georgios and Schrijvers, Tom},
 title = {Elaboration on Functional Dependencies: Functional Dependencies Are Dead, Long Live Functional Dependencies!},
 booktitle = {Proceedings of the 10th ACM SIGPLAN International Symposium on Haskell},
 series = {Haskell 2017},
 year = {2017},
 isbn = {978-1-4503-5182-9},
 location = {Oxford, UK},
 pages = {133--147},
 numpages = {15},
 url = {http://doi.acm.org/10.1145/3122955.3122966},
 doi = {10.1145/3122955.3122966},
 acmid = {3122966},
 publisher = {ACM},
 address = {New York, NY, USA},
 keywords = {Haskell, System FC, functional dependencies},
}
